4642 5564
291 1339 298 1354 ⁶
447 1278 551 1436 flori
574 1387 683 1435 rernm
705 1383 912 1436 romanarum
935 1367 1121 1450 Epitomen,
1157 1385 1351 1450 quamquam
1385 1367 1517 1434 anullo
1544 1375 1694 1436 veterum
1717 1369 1841 1436 diserte
1863 1389 1999 1437 8881188-

287 1479 444 1559 81818181,
468 1482 579 1543 tamen
602 1475 726 1557 aliquot
748 1474 927 1558 scriptores
949 1473 1079 1542 novisse
1095 1495 1137 1541 ex
1159 1475 1200 1542 iis
1221 1475 1309 1560 locis,
1333 1477 1414 1557 quos
1436 1479 1495 1542 881
1517 1475 1655 1544 laudant
1680 1479 1739 1543 ant
1762 1476 1827 1543 alio
1849 1477 1941 1544 modo
1964 1477 1999 1546 18

286 1599 501 1651 spumosum
529 1585 763 1650 converterunt
790 1581 887 1649 188118
914 1587 1063 1666 apparet,
1098 1580 1211 1649 181118
1241 1581 1475 1666 Angostmum,
1514 1582 1675 1667 Orosium,
1710 1584 1901 1652 Jordanem.
1946 1585 1999 1652 De

286 1695 434 1774 tempore
455 1695 574 1773 antem,
598 1709 661 1772 qno
683 1689 740 1756 ille
762 1689 871 1772 fuerit,
896 1689 1062 1773 ambigere
1085 1689 1260 1772 nonlicet,
1290 1689 1408 1772 quippe
1431 1688 1516 1770 qnod
1538 1688 1607 1772 ipse
1631 1688 1715 1756 satis
1738 1695 1854 1772 aperte
1875 1689 1999 1757 indicet

288 1795 449 1882 (Prooom.
474 1797 526 1884 8);
561 1816 667 1878 neque
694 1783 863 1878 quisquam
892 1795 986 1862 hodio
1016 1795 1145 1877 quidem
1174 1795 1319 1880 negabit,
1355 1794 1537 1863 Domitiani
1559 1801 1594 1862 81
1617 1797 1754 1880 Trajani
1777 1803 1811 1863 et
1834 1797 1999 1865 Hadriani

287 1905 452 1984 aequalem
474 1889 586 1988 fuisse,
608 1903 674 1981 ¹,eui
700 1902 885 1970 sententiae
913 1907 1056 1986 praeter.
1073 1902 1164 1968 illum
1194 1901 1356 1969 Prooemii
1378 1903 1483 1970 locum
1507 1908 1542 1969 et
1563 1902 1636 1986 ipsa
1659 1922 1770 1972 rernm
1793 1904 1941 1973 narratio
1965 1911 1999 1973 et

289 2009 470 2078 nniversam
494 2011 622 2078 dicendi
646 2029 751 2096 genus
774 2009 870 2078 fidem
893 2009 1026 2078 faciunt.
1075 2008 1168 2094 Quod
1202 2023 1287 2076 cum'
1302 2008 1385 2076 satis
1410 2013 1549 2092 constet,
1584 2015 1697 2077 tamen
1720 2029 1786 2093 qua
1808 2011 1899 2078 vitae
1921 2031 1999 2082 usus

287 2115 331 2184 sit
353 2117 546 2200 conditione,
580 2136 658 2184 num
687 2115 773 2184 idem
800 2115 903 2182 fuerit
930 2134 1002 2182 cum
1031 2115 1129 2184 Floro
1160 2121 1257 2200 poeta
1278 2116 1344 2200 1118,
1381 2116 1471 2184 cuius
1495 2115 1665 2184 Charisius
1688 2118 1884 2187 mentionem
1907 2120 1997 2204 facit,

186 2307 189 2320 ι
285 2231 320 2290 81
343 2243 479 2306 quocum
494 2223 671 2307 spartiano
693 2229 780 2291 18818
802 2223 995 2290 Hadrianus
1014 2223 1153 2308 joculari
1176 2223 1319 2290 carmine
1343 2223 1497 2306 certavit,
1523 2223 1633 2290 811118
1656 2223 1727 2308 ipse
1749 2243 1827 2292 unm
1850 2225 2000 2294 diversus

285 2331 330 2398 sit
345 2351 366 2398 a
381 2330 503 2416 dialogi
518 2331 606 2398 illius
622 2335 765 2414 auctore,
791 2331 882 2396 euius
902 2331 1124 2414 fragmentum
1147 2331 1186 2398 Ο.
1211 2329 1354 2398 Jahnius
1376 2331 1501 2413 primus
1524 2329 1637 2414 edidit,
1662 2331 1705 2398 ad
1730 2331 1887 2412 liquidnm
1904 2334 2000 2416 plano

285 2437 419 2522 perduci
441 2439 573 2520 nequit.
626 2437 829 2523 Quamquam
848 2443 985 2520 poetam
1014 2456 1181 2505 romanum
1211 2443 1247 2504 et
1274 2456 1447 2521 puerorum
1477 2443 1726 2521 praeceptorem
1746 2438 2000 2522 Hispaniensem

286 2563 386 2612 unum
408 2545 568 2612 hominem
590 2545 691 2612 fuisse
713 2563 816 2628 paene
839 2564 899 2627 pro
922 2550 1013 2612 certo
1036 2543 1150 2611 haberi
1172 2549 1292 2627 potest,
1317 2543 1469 2625 qnoniam
1492 2549 1527 2610 et
1548 2543 1677 2610 nomine
1694 2548 1730 2610 et
1744 2551 1857 2612 aetate
1872 2546 1999 2614 omnino

286 2651 374 2718 inter·
397 2670 433 2718 se
456 2658 652 2737 congruant,
677 2657 776 2734 atque
800 2652 899 2719 etiam
914 2671 1024 2718 rerum
1044 2651 1246 2734 scriptorem,
1263 2655 1301 2716 ut
1320 2650 1579 2734 Mommsenium,
1597 2649 1777 2734 Halmium,
1791 2651 2000 2737 Spengelium

286 2759 389 2826 secuti
422 2778 486 2826 non
525 2759 624 2826 alium
658 2757 759 2826 fuisse
793 2758 1025 2840 existimemus,
1053 2757 1120 2824 1118
1149 2756 1349 2840 potissimum
1379 2762 1467 2840 sunt,
1497 2775 1580 2838 quae
1620 2757 1808 2826 hortentur.
1854 2759 2001 2828 Primum

286 2865 371 2945 quod
394 2865 539 2947 aequalis
562 2865 692 2932 illorum
714 2865 787 2948 fuit,
811 2865 928 2932 deinde
951 2864 1037 2947 qnod
1060 2863 1128 2930 8188
1152 2863 1256 2930 818118
1280 2881 1351 2930 888
1375 2864 1554 2948 fragmenti
1568 2865 1666 2948 illius,
1694 2869 1851 2947 quantum
1873 2867 2002 2949 quidem

287 2990 327 3036 ex
350 2977 418 3038 tam
441 2972 563 3056 exigna
585 2971 750 3056 particula
767 2972 908 3058 jndicari
931 2975 1050 3056 potest,
1075 2970 1222 3049 plurimis
1237 2971 1335 3038 rebus
1351 2971 1523 3040 consentit.
1570 2970 1627 3038 Ad
1642 2973 1729 3053 qnod
1745 2974 2002 3058 cognoscendum

286 3097 357 3145 cum
380 3085 486 3146 totum
508 3079 680 3161 utriusque
702 3080 831 3148 dicendi
853 3099 956 3164 genus
985 3083 1136 3162 spectare
1164 3083 1304 3161 oportet,
1333 3081 1403 3144 tum
1434 3079 1594 3146 vocabula
1622 3079 1781 3160 quaedam
1809 3081 2001 3148 locutiones·

287 3186 459 3265 quainter
482 3206 518 3254 se
541 3187 768 3272 congressuum
793 3205 877 3268 quae
899 3187 1050 3270 deinceps
1073 3185 1123 3252 118
1145 3184 1414 3268 enumerabimus
1438 3189 1476 3252 ut
1498 3185 1637 3269 singulis
1661 3185 1785 3271 dialogi
1808 3187 1887 3254 locis
1903 3205 2000 3270 pares

286 3293 340 3358 vel
364 3293 484 3360 similes
507 3295 598 3361 Hlori
626 3293 842 3361 subiciantur:

395 3417 527 3502 Fragm.
551 3439 581 3502 p.
610 3424 682 3501 106,
707 3425 729 3486 4
752 3415 894 3505 (Halm.)
918 3417 971 3484 ‘ab
993 3416 1083 3484 urbis
1106 3417 1319 3499 spectaculo’:
1349 3425 1381 3499 1,
1408 3422 1458 3500 16,
1486 3421 1502 3482 1
1535 3415 1724 3482 ‘Corinthus
1754 3416 1847 3497 quasi
1876 3423 2003 3500 specta·

287 3525 358 3591 culo
381 3525 554 3608 exposito’3
593 3532 621 3608 1,
655 3532 706 3609 16,
737 3533 757 3592 8
787 3525 954 3592 ‘converso
981 3523 1017 3590 18
1033 3524 1248 3606 speeacclum
1278 3523 1384 3590 bello’.
1431 3531 1462 3591 4.
1508 3522 1679 3590 Baeticam
1714 3525 1933 3592 revertentes'
1969 3529 2036 3591 et'

286 3629 470 3715 18118107,
498 3639 537 3700 19
563 3631 706 3699 ‘Italiam
729 3631 838 3700 redii’:
864 3640 894 3714 1,
920 3641 950 3713 1,
978 3636 1031 3711 15;
1056 3639 1087 3714 1,
1113 3637 1225 3714 6,11;
1252 3639 1282 3714 3,
1306 3637 1338 3714 4,
1365 3637 1393 3698 1.
1419 3667 1460 3678 -
1488 3635 1517 3698 6.
1555 3632 1710 3711 ‘quos...
1735 3635 1855 3698 ventus
1881 3631 1916 3698 18
1944 3631 2004 3698 hoo

285 3737 364 3804 litus
388 3739 584 3806 exusserat’:
620 3746 651 3822 1,
681 3745 711 3822 6,
740 3747 783 3806 41
815 3740 980 3804 ‘excutere
1009 3737 1135 3821 oppidis
1164 3743 1199 3804 et
1225 3737 1436 3823 regionibus’3
1476 3743 1508 3819 1,
1539 3743 1591 3819 14,
1621 3745 1640 3804 1
1671 3737 1816 3822 ‘jngum'3
1852 3738 2005 3806 admouet

286 3843 383 3911 etiam
407 3845 478 3928 loci,
503 3845 686 3928 8818814,
712 3853 742 3930 1,
768 3851 811 3914 64
835 3845 897 3912 ‘hic
919 3843 1074 3926 reliquias
1097 3844 1243 3928 partium
1265 3843 1501 3928 naufragarum
1532 3842 1664 3924 quidam
1688 3844 1789 3929 fugae
1811 3851 1925 3912 aestus
1949 3865 2004 3912 ex·

285 3951 434 4034 pulerat’.
461 3991 503 4000 -
526 3961 569 4021 11
595 3952 660 4019 ‘ubi
683 3971 800 4020 versus
823 3952 937 4020 tui...
962 3951 1177 4020 concinuntur
1200 3958 1236 4017 81
1257 3932 1293 4016 18
1314 3950 1384 4017 foro
1407 3948 1494 4016 omni
1517 3949 1719 4016 clarissimus
1746 3950 1803 4018 ille
1830 3953 1871 4018 de
1897 3952 2004 4020 Ι)8818

284 4057 467 4143 triumphus
491 4059 646 4140 exultat';
671 4061 723 4127 cui
745 4060 941 4128 simillimum
964 4067 996 4140 4,
1022 4069 1051 4141 1,
1076 4065 1097 4124 6
1121 4079 1193 4126 cum
1214 4057 1368 4125 Ponticos
1386 4057 1626 4138 Armeniosque
1649 4056 1834 4141 triumphus
1857 4058 1892 4126 in
1909 4060 2004 4127 Pom·

283 4165 408 4246 peianis
431 4167 574 4234 theatris
598 4167 705 4234 Roma
728 4173 895 4249 cantaret,
920 4207 963 4215 -
979 4173 1032 4234 16.
1058 4166 1175 4233 ‘victor
1197 4163 1343 4249 gentium
1367 4163 1531 4248 populus':
1555 4162 1642 4230 idem
1666 4174 1695 4247 3,
1721 4171 1804 4248 9,1;
1831 4175 1860 4247 3,
1888 4172 1939 4250 14,
1965 4175 1999 4247 3,

282 4279 313 4356 4,
341 4281 391 4353 11,
416 4280 469 4342 61.
495 4311 537 4324 -
564 4281 636 4357 107,
664 4284 681 4342 3
708 4274 834 4342 ‘volnus
857 4275 1003 4342 dolorum
1027 4272 1238 4340 rescindere':
1268 4277 1377 4354 813,
1412 4279 1504 4338 488
1538 4269 1674 4337 volnere
1690 4321 1698 4338 .
1714 4322 1745 4338 ..
1780 4270 2004 4342 rescinderen-

284 4383 464 4465 181;4,1,
493 4387 532 4446 71
558 4380 704 4447 ‘rescidit
725 4381 863 4466 plagas’.
893 4419 935 4428 -
966 4389 995 4449 8.
1015 4380 1151 4448 ‘animus
1173 4378 1292 4445 resiliit
1314 4379 1357 4445 ab
1379 4377 1437 4444 illa
1462 4375 1624 4444 civitato’:
1650 4383 1681 4460 4,
1711 4385 1760 4461 11,
1785 4385 1805 4446 1
1831 4379 1883 4446 ‘ab
1905 4379 2004 4463 impo-

283 4485 346 4552 sito
370 4505 473 4570 nuper
491 4489 572 4571 jugo
595 4487 807 4554 resiliebant'.
831 4523 874 4536 -
901 4494 939 4554 11
958 4490 1027 4572 ‘per
1042 4487 1175 4553 diversa
1190 4485 1380 4552 terrarum':
1406 4493 1436 4568 1,
1461 4490 1563 4566 6,11.
1589 4519 1631 4530 -
1658 4489 1698 4550 19
1724 4487 1848 4552 ‘rursus
1868 4485 2002 4552 redire’:

286 4598 313 4676 1,
340 4603 369 4675 3,
395 4601 424 4660 9.
450 4631 493 4643 -
516 4602 558 4661 17
584 4595 814 4678 ‘pervolitavi':
839 4595 924 4661 idem
947 4594 1076 4676 quidem
1100 4613 1163 4660 non
1186 4597 1281 4660 extat
1304 4592 1391 4676 apud
1406 4592 1541 4657 Illorum
1563 4590 1621 4658 sed
1644 4590 1786 4658 volitare
1812 4592 2005 4672 frequenter

284 4707 319 4783 1,
341 4705 392 4783 17,
418 4707 452 4780 8;
478 4707 509 4784 8,
535 4709 564 4784 8,
591 4707 646 4782 aa,
673 4710 703 4782 8,
729 4707 758 4783 8,
784 4708 841 4782 81;
868 4711 896 4784 8,
925 4707 975 4784 18,
1003 4706 1057 4782 11,
1082 4708 1113 4783 4,
1139 4708 1170 4784 8,
1195 4707 1224 4767 8.
1252 4735 1293 4747 -
1319 4705 1359 4768 88
1386 4696 1584 4782 ‘eceejam’z
1609 4705 1640 4779 4,
1662 4705 1694 4780 8,
1720 4703 1770 4764 18.
1796 4735 1838 4746 -
1865 4705 1938 4784 188,
1959 4709 2000 4770 88

285 4806 658 4892 1188118881,
685 4815 736 4890 17,
763 4815 797 4888 9;
824 4817 853 4888 3,
880 4815 909 4890 3,
936 4814 971 4888 63
998 4815 1086 4890 4,1,
1114 4813 1162 4874 15.
